@book{aiw,
    title = "Alice's Adventures in Wonderland",
    author = "Lewis Carroll",
    publisher = "George MacDonald",
    year = 1865
}
@misc{hrnote,
  author = {HR NOTE Team},
  title = {เปลี่ยนออฟฟิศสู่ยุคดิจิตอล ปรับการบันทึกเวลาเข้า-ออกงานสู่ระบบออนไลน์},
  howpublished = {\url{https://th.hrnote.asia/personnel-management/181109-th-attendantmangementsys/}},
  year = {2018},
  note = {Accessed 2020-10-11}
}
@misc{hrnotegps,
  author  = {HR NOTE Team},
  title = {ความหมายของการลงทะเบียนแบบ GPS},
  howpublished = {\url{https://th.hrnote.asia/personnel-management/gpsattendance/}},
  year = {2018},
  note = {Accessed 2020-10-11}
}
@misc{gps,
  author = {Garmin},
  title = {GPS คืออะไร?},
  howpublished = {\url{https://www.garmin.com/th-TH/aboutgps/}},
  note = {Accessed 2020-10-11}
}
@misc{gps2,
  author = {Global 5 Co},
  title = {ความรู้ทั่วไปเกี่ยวกับ GPS},
  howpublished = {\url{https://www.global5thailand.com/thai/gps.htm}},
  year = {2006},
  note = {Accessed 2020-10-11}
}
@misc{line,
  author = {Kapook},
  title = {LINE แชทยอดฮิตจาก NAVER},
  howpublished = {\url{https://line.kapook.com/view64457.html}},
  year = {2015},
  note = {Accessed 2020-10-12}
}
@misc{lineAPI,
  author = {Mindphp},
  title = {Line messaging API คืออะไร},
  howpublished = {\url{https://www.mindphp.com/บทความ/line-application/5317-line-messaging-api-line-api-json.html}},
  year = {2019},
  note = {Accessed 2020-10-12}
}
@misc{lineBot,
  author = {Supattra Ammaranon X Ougreenfish},
  title = {LINE BOT คืออะไร?ใช้ประโยชน์จากบริการนี้ได้อย่างไรบ้าง?},
  howpublished = {\url{https://blog.ourgreenfish.com/master-blog/line-bot-คือ-อะไร-ใช้ประโยชน์จากบริการนี้ได้อย่างไรบ้าง}},
  year = {2019},
  note = {Accessed 2020-10-12}
}
@misc{lineDf,
  author = {Venus Solutions},
  title = {การสร้าง LINE Bot โดยใช้ Dialogflow},
  howpublished = {\url{https://www.venussolutions.com/17371424/การสร้าง-line-bot-โดยใช้-dialogflowตอนที่-1}},
  year = {2019},
  note = {Accessed 2020-10-12}
}
@misc{vscode,
  author = {อาจารย์ ดร.ณัฐพล แสนคำ},
  title = {วิธีการใช้งาน Visual Studio Code},
  howpublished = {\url{http://cs.bru.ac.th/สอนวิธีการใช้งาน-visual-studio-code-2/}},
  year = {2020},
  note = {Accessed 2020-10-17}
}
@misc{lineDfPyFb,
  author = {Witchapong Daroontham},
  title = {สร้าง Line Chatbot ด้วย Dialogflow, Python, และ Firebase},
  howpublished = {\url{https://medium.com/datawiz-th/สร้าง-line-chatbot-ด้วย-dialogflow-python-และ-firebase-ง่ายมากๆ-c4631c041848}},
  year = {2018},
  note = {Accessed 2020-10-17}
}
@misc{firebase,
  author = {Jedsada Saengow},
  title = {Firebase คืออะไร และทำความรู้จักกับ Firebase},
  howpublished = {\url{https://medium.com/jed-ng/firebase-คืออะไร-มาดูวิธีสร้าง-project-และทำความรู้จักกับ-firebase-d48bfac67b14}},
  year = {2018},
  note = {Accessed 2020-10-17}
}
@misc{nuxt,
  author = {Kittisak Pimnonthong},
  title = {สอนใช้งาน Nuxt.js จัดการฐานข้อมูล MySQL เบื้องต้น},
  howpublished = {\url{https://medium.com/@dreamtery/สอนใช้งาน-nuxt-js-express-sequelize-จัดการฐานข้อมูล-mysql-เบื้องต้น-3f806f3f3005}},
  year = {2020},
  note = {Accessed 2020-10-17}
} 
@misc{payday,
  author  = {SME payday team},
  title = {SME payday แอปพลิเคชันเพื่องานบุคคลสำหรับ SMEs},
  howpublished = {\url{https://www.smepayday.com/}},
  year = {2021},
  note = {Accessed 2021-03-27}
}
@misc{jobcan,
  author  = {JOBCAN team},
  title = {JOBCAN ระบบจัดการการเข้างานผ่าน cloud system },
  howpublished = {\url{http://www.jobcan.in.th/}},
  year = {2019},
  note = {Accessed 2021-03-27}
}
@misc{weladee,
  author  = {weladee team},
  title = {weladee ทางเลือกใหม่ของระบบบันทึกการทำงานสำหรับองค์กรที่ทันสมัย},
  howpublished = {\url{https://www.weladee.com/th}},
  year = {2021},
  note = {Accessed 2021-03-27}
}
@misc{onedee,
  author  = {OneDee team},
  title = {OneDee รระบบสื่อสารภายในองค์กร บริหารจัดการพนักงาน HR Chatbot โปรแกรมเงินเดือน Payroll },
  howpublished = {\url{https://www.onedee.ai/}},
  year = {2021},
  note = {Accessed 2021-03-27}
}
@misc{timemint,
  author  = {TimeMint team},
  title = {TimeMint แอป ฯ ลงเวลาพนักงานด้วยโทรศัพท์มือถือ},
  howpublished = {\url{https://www.timemint.co/}},
  year = {2020},
  note = {Accessed 2021-03-27}
}
@misc{humanos,
  author  = {HumanOS team},
  title = {HumanOS ระบบปฏิบัติการสำหรับงาน HR},
  howpublished = {\url{https://humanos.biz/}},
  year = {2017},
  note = {Accessed 2021-03-27}
}
 